@article{brown2010ecological,
  title={Ecological sites: their history, status, and future},
  author={Brown, Joel R},
  journal={Rangelands},
  volume={32},
  number={6},
  pages={5--8},
  year={2010},
  publisher={BioOne}
}

@article{karl2010monitoring,
  title={Monitoring and assessment based on ecological sites},
  author={Karl, Jason W and Herrick, Jeffrey E},
  journal={Rangelands},
  volume={32},
  number={6},
  pages={60--64},
  year={2010},
  publisher={BioOne}
}

@article{bestelmeyer2010introduction,
  title={An introduction to the special issue on ecological sites},
  author={Bestelmeyer, Brandon T and Brown, Joel R},
  journal={Rangelands},
  volume={32},
  number={6},
  pages={3--4},
  year={2010},
  publisher={BioOne}
}

@article{bestelmeyer2010practical,
  title={Practical guidance for developing state-and-transition models},
  author={Bestelmeyer, Brandon T and Moseley, Kendra and Shaver, Pat L and Sanchez, Homer and Briske, David D and Fernandez-Gimenez, Maria E},
  journal={Rangelands},
  volume={32},
  number={6},
  pages={23--30},
  year={2010},
  publisher={BioOne}
}

@article{moseley2010ecological,
  title={Ecological site development: a gentle introduction},
  author={Moseley, Kendra and Shaver, Pat L and Sanchez, Homer and Bestelmeyer, Brandon T},
  journal={Rangelands},
  volume={32},
  number={6},
  pages={16--22},
  year={2010},
  publisher={BioOne}
}








